@article{Agostini:2013mzu,
      author         = "Agostini, M. and others",
      title          = "{Results on Neutrinoless Double-$\beta$ Decay of
                        $^{76}$Ge from Phase I of the GERDA Experiment}",
      collaboration  = "GERDA Collaboration",
      journal        = "Phys.Rev.Lett.",
      number         = "12",
      volume         = "111",
      pages          = "122503",
      doi            = "10.1103/PhysRevLett.111.122503",
      year           = "2013",
      eprint         = "1307.4720",
      archivePrefix  = "arXiv",
      primaryClass   = "nucl-ex",
      SLACcitation   = "%%CITATION = ARXIV:1307.4720;%%",
}

@article{Albert:2014awa,
      author         = "Albert, J.B. and others",
      title          = "{Search for Majorana neutrinos with the first two years
                        of EXO-200 data}",
      collaboration  = "EXO-200 Collaboration",
      journal        = "Nature",
      volume         = "510",
      pages          = "229â€“234",
      doi            = "10.1038/nature13432",
      year           = "2014",
      eprint         = "1402.6956",
      archivePrefix  = "arXiv",
      primaryClass   = "nucl-ex",
      SLACcitation   = "%%CITATION = ARXIV:1402.6956;%%",
}
@article{TheKamLAND-Zen:2014lma,
      key            = "1313115",
      title          = "{Results from KamLAND-Zen}",
      collaboration  = "The KamLAND-Zen Collaboration",
      year           = "2014",
      eprint         = "1409.0077",
      archivePrefix  = "arXiv",
      primaryClass   = "physics.ins-det",
      SLACcitation   = "%%CITATION = ARXIV:1409.0077;%%",
}

@article{Nygren:2009zz,
      author         = "Nygren, David",
      title          = "{High-pressure xenon gas electroluminescent TPC for 0nu
                        beta beta-decay search}",
      journal        = "Nucl.Instrum.Meth.",
      volume         = "A603",
      pages          = "337-348",
      doi            = "10.1016/j.nima.2009.01.222",
      year           = "2009",
      SLACcitation   = "%%CITATION = NUIMA,A603,337;%%",
}
@article{Granena:2009it,
      author         = "Granena, F. and others",
      title          = "{NEXT, a HPGXe TPC for neutrinoless double beta decay
                        searches}",
      collaboration  = "NEXT Collaboration",
      year           = "2009",
      eprint         = "0907.4054",
      archivePrefix  = "arXiv",
      primaryClass   = "hep-ex",
      SLACcitation   = "%%CITATION = ARXIV:0907.4054;%%",
}

@article{Alvarez:2012haa,
      author         = "Alvarez, V. and others",
      title          = "{NEXT-100 Technical Design Report (TDR): Executive
                        Summary}",
      collaboration  = "NEXT",
      journal        = "JINST",
      volume         = "7",
      pages          = "T06001",
      doi            = "10.1088/1748-0221/7/06/T06001",
      year           = "2012",
      eprint         = "1202.0721",
      archivePrefix  = "arXiv",
      primaryClass   = "physics.ins-det",
      SLACcitation   = "%%CITATION = ARXIV:1202.0721;%%",
}

@article{Gomez-Cadenas:2014dxa,
      author         = "Gomez-Cadenas, Juan Jose",
      title          = "{The NEXT experiment}",
      year           = "2014",
      eprint         = "1411.2433",
      archivePrefix  = "arXiv",
      primaryClass   = "physics.ins-det",
      SLACcitation   = "%%CITATION = ARXIV:1411.2433;%%"
}
@article{Gomez-Cadenas:2013lta,
      author         = "Gomez-Cadenas, J.J. and others",
      title          = "{Present status and future perspectives of the NEXT
                        experiment}",
      collaboration  = "NEXT Collaboration",
      doi            = "10.1155/2014/907067",
      year           = "2013",
      eprint         = "1307.3914",
      archivePrefix  = "arXiv",
      primaryClass   = "physics.ins-det",
      reportNumber   = "IFIC-13-46",
      SLACcitation   = "%%CITATION = ARXIV:1307.3914;%%",
}
@article{Dolinski:2012dta,
      author         = "Dolinski, M.J.",
      title          = "{The Enriched Xenon Observatory: EXO-200 and $Ba^{+}$
                        tagging}",
      collaboration  = "EXO Collaboration",
      journal        = "Nucl.Phys.Proc.Suppl.",
      volume         = "229-232",
      pages          = "124-127",
      doi            = "10.1016/j.nuclphysbps.2012.09.020",
      year           = "2012",
      SLACcitation   = "%%CITATION = NUPHZ,229-232,124;%%",
}

      @article{Sinclair:2011zz,
      author         = "Sinclair, D. and Rollin, E. and Smith, J. and Mommers, A.
                        and Ackerman, N. and others",
      title          = "{Prospects for Barium Tagging in Gaseous Xenon}",
      journal        = "J.Phys.Conf.Ser.",
      volume         = "309",
      pages          = "012005",
      doi            = "10.1088/1742-6596/309/1/012005",
      year           = "2011",
      reportNumber   = "SLAC-REPRINT-2012-072",
      SLACcitation   = "%%CITATION = 00462,309,012005;%%",
}